<record><leader>00000cas a2200000 i 4500</leader><controlfield tag="001">846861947</controlfield><controlfield tag="006">m     o  d        </controlfield><controlfield tag="007">cr |||||||||||</controlfield><controlfield tag="008">130605d1900192ulauir ne      0   a0eng  </controlfield><datafield ind1=" " ind2=" " tag="010"><subfield code="a">  2013218800</subfield></datafield><datafield ind1=" " ind2=" " tag="040"><subfield code="a">DLC</subfield><subfield code="b">eng</subfield><subfield code="e">rda</subfield><subfield code="c">DLC</subfield><subfield code="d">OCLCF</subfield><subfield code="d">OCLCQ</subfield></datafield><datafield ind1="0" ind2=" " tag="022"><subfield code="a">2329-4337</subfield><subfield code="2">1</subfield></datafield><datafield ind1=" " ind2=" " tag="042"><subfield code="a">pcc</subfield><subfield code="a">nsdp</subfield></datafield><datafield ind1=" " ind2=" " tag="043"><subfield code="a">n-us-la</subfield></datafield><datafield ind1="1" ind2="0" tag="050"><subfield code="a">ISSN RECORD</subfield></datafield><datafield ind1="0" ind2="0" tag="082"><subfield code="a">071</subfield><subfield code="2">23</subfield></datafield><datafield ind1="0" ind2=" " tag="130"><subfield code="a">Caucasian (Shreveport, La. : Online)</subfield></datafield><datafield ind1=" " ind2="4" tag="222"><subfield code="a">The Caucasian</subfield><subfield code="b">(Shreveport, La. Online)</subfield></datafield><datafield ind1="1" ind2="4" tag="245"><subfield code="a">The Caucasian.</subfield></datafield><datafield ind1=" " ind2="1" tag="264"><subfield code="a">Shreveport, La. :</subfield><subfield code="b">The Caucasian Publishing Company,</subfield><subfield code="c">1905-</subfield></datafield><datafield ind1=" " ind2=" " tag="310"><subfield code="a">Three times a week,</subfield><subfield code="b">&lt;Jan. 1, 1903&gt;-</subfield></datafield><datafield ind1=" " ind2=" " tag="321"><subfield code="a">Semiweekly,</subfield><subfield code="b">Nov. 25, 1900-&lt;Aug. 28, 1901&gt;</subfield></datafield><datafield ind1=" " ind2=" " tag="336"><subfield code="a">text</subfield><subfield code="b">txt</subfield><subfield code="2">rdacontent</subfield></datafield><datafield ind1=" " ind2=" " tag="337"><subfield code="a">computer</subfield><subfield code="b">c</subfield><subfield code="2">rdamedia</subfield></datafield><datafield ind1=" " ind2=" " tag="338"><subfield code="a">online resource</subfield><subfield code="b">cr</subfield><subfield code="2">rdacarrier</subfield></datafield><datafield ind1="1" ind2=" " tag="362"><subfield code="a">Began with vol. XIII, no. 83 (November 25, 1900).</subfield></datafield><datafield ind1=" " ind2=" " tag="515"><subfield code="a">Numbered consecutively with: Weekly Caucasian (Shreveport, La.), Feb. 9, 1905-</subfield></datafield><datafield ind1=" " ind2=" " tag="588"><subfield code="a">Description based on print version record.</subfield></datafield><datafield ind1=" " ind2=" " tag="588"><subfield code="a">Latest issue consulted: Volume XXIX, no. 303 (Jan. 16, 1920) (Chroniclingamerica.loc.gov, viewed June 5, 2013).</subfield></datafield><datafield ind1=" " ind2="0" tag="651"><subfield code="a">Shreveport (La.)</subfield><subfield code="v">Newspapers.</subfield></datafield><datafield ind1=" " ind2="7" tag="651"><subfield code="a">Louisiana</subfield><subfield code="z">Shreveport.</subfield><subfield code="2">fast</subfield><subfield code="0">(OCoLC)fst01209612</subfield></datafield><datafield ind1=" " ind2="7" tag="655"><subfield code="a">Newspapers.</subfield><subfield code="2">fast</subfield><subfield code="0">(OCoLC)fst01423814</subfield></datafield><datafield ind1=" " ind2=" " tag="752"><subfield code="a">United States</subfield><subfield code="b">Louisiana</subfield><subfield code="c">Caddo</subfield><subfield code="d">Shreveport.</subfield></datafield><datafield ind1="0" ind2=" " tag="775"><subfield code="t">Weekly Caucasian (Shreveport, La. : Online)</subfield></datafield><datafield ind1="0" ind2="8" tag="776"><subfield code="i">Originally issued in print:</subfield><subfield code="t">Caucasian (Shreveport, La.)</subfield><subfield code="x">2329-4329</subfield><subfield code="w">(DLC)sn 88064469</subfield><subfield code="w">(OCoLC)18077232</subfield></datafield><datafield ind1="0" ind2="0" tag="780"><subfield code="t">Daily Caucasian (Shreveport, La. : 1889 : Online)</subfield></datafield><datafield ind1="0" ind2="0" tag="785"><subfield code="t">Daily Caucasian (Shreveport, La. : 1927 : Online)</subfield></datafield><datafield ind1="4" ind2="1" tag="856"><subfield code="u">http://chroniclingamerica.loc.gov/lccn/sn88064469/issues</subfield></datafield><datafield ind1="1" ind2=" " tag="029"><subfield code="a">NZ1</subfield><subfield code="b">15124330</subfield></datafield></record>